@article{mann2018all,
	title={All reality: Virtual, augmented, mixed (x), mediated (x, y), and multimediated reality},
	author={Mann, Steve and Furness, Tom and Yuan, Yu and Iorio, Jay and Wang, Zixin},
	journal={arXiv preprint arXiv:1804.08386},
	year={2018}
}

@article{hoffman2014feasibility,
	title={Feasibility of articulated arm mounted Oculus Rift Virtual Reality goggles for adjunctive pain control during occupational therapy in pediatric burn patients},
	author={Hoffman, Hunter G and Meyer III, Walter J and Ramirez, Maribel and Roberts, Linda and Seibel, Eric J and Atzori, Barbara and Sharar, Sam R and Patterson, David R},
	journal={Cyberpsychology, Behavior, and Social Networking},
	volume={17},
	number={6},
	pages={397--401},
	year={2014},
	publisher={Mary Ann Liebert, Inc. 140 Huguenot Street, 3rd Floor New Rochelle, NY 10801 USA}
}

@inproceedings{DBLP:conf/vr/Rosenberg93a,
	author    = {Louis B. Rosenberg},
	title     = {Virtual Fixtures: Perceptual Tools for Telerobotic Manipulation},
	booktitle = {{IEEE} Virtual Reality Annual International Symposium, {VRAIS} '93,
	Seattle, Washington, USA, September 18-22, 1993, Proceedings},
	pages     = {76--82},
	year      = {1993},
	crossref  = {DBLP:conf/vr/1993},
	url       = {https://doi.org/10.1109/VRAIS.1993.380795},
	doi       = {10.1109/VRAIS.1993.380795},
	timestamp = {Tue, 23 May 2017 01:07:23 +0200},
	biburl    = {https://dblp.org/rec/bib/conf/vr/Rosenberg93a},
	bibsource = {dblp computer science bibliography, https://dblp.org}
}

@book{furht2011handbook,
	title={Handbook of augmented reality},
	author={Furht, Borko},
	year={2011},
	publisher={Springer Science \& Business Media}
}

@article{feiner1993knowledge,
	title={Knowledge-based augmented reality},
	author={Feiner, Steven and Macintyre, Blair and Seligmann, Dor{\'e}e},
	journal={Communications of the ACM},
	volume={36},
	number={7},
	pages={53--62},
	year={1993}
}

@article{milgram1994taxonomy,
	title={A taxonomy of mixed reality visual displays},
	author={Milgram, Paul and Kishino, Fumio},
	journal={IEICE TRANSACTIONS on Information and Systems},
	volume={77},
	number={12},
	pages={1321--1329},
	year={1994},
	publisher={The Institute of Electronics, Information and Communication Engineers}
}

@misc{hoellwarth2015head,
	title={Head-mounted display apparatus for retaining a portable electronic device with display},
	author={Hoellwarth, Quin C},
	year={2015},
	month=feb # "~17",
	publisher={Google Patents},
	note={US Patent 8,957,835}
}

@misc{kress2019mixed,
	title={Mixed reality display device},
	author={Kress, Bernard C and Wall, R Andrew},
	year={2019},
	month=apr # "~16",
	publisher={Google Patents},
	note={US Patent App. 10/261,320}
}

@article{starner1997augmented,
	title={Augmented reality through wearable computing},
	author={Starner, Thad and Mann, Steve and Rhodes, Bradley and Levine, Jeffrey and Healey, Jennifer and Kirsch, Dana and Picard, Rosalind W and Pentland, Alex},
	journal={Presence: Teleoperators \& Virtual Environments},
	volume={6},
	number={4},
	pages={386--398},
	year={1997},
	publisher={MIT Press}
}

@inproceedings{DBLP:conf/egve/PeternierVT06,
	author    = {Achille Peternier and
	Fr{\'{e}}d{\'{e}}ric Vexo and
	Daniel Thalmann},
	title     = {Wearable Mixed Reality System In Less Than 1 Pound},
	booktitle = {Proceedings of the 12th Eurographics Symposium on Virtual Environments,
	{EGVE} 2006, Lisbon, Portugal, 2006.},
	pages     = {35--44},
	year      = {2006},
	crossref  = {DBLP:conf/egve/2006},
	url       = {https://doi.org/10.2312/EGVE/EGVE06/035-044},
	doi       = {10.2312/EGVE/EGVE06/035-044},
	timestamp = {Tue, 23 May 2017 01:10:30 +0200},
	biburl    = {https://dblp.org/rec/bib/conf/egve/PeternierVT06},
	bibsource = {dblp computer science bibliography, https://dblp.org}
}


@inproceedings{DBLP:conf/vr/NeumannYHJL03,
	author    = {Ulrich Neumann and
	Suya You and
	Jinhui Hu and
	Bolan Jiang and
	Jong Weon Lee},
	title     = {Augmented Virtual Environments {(AVE):} Dynamic Fusion of Imagery
	and 3D Models},
	booktitle = {{IEEE} Virtual Reality Conference 2003 {(VR} 2003), 22-26 March 2003,
	Los Angeles, CA, USA, Proceedings},
	pages     = {61},
	year      = {2003},
	crossref  = {DBLP:conf/vr/2003},
	url       = {https://doi.org/10.1109/VR.2003.1191122},
	doi       = {10.1109/VR.2003.1191122},
	timestamp = {Tue, 23 May 2017 01:07:25 +0200},
	biburl    = {https://dblp.org/rec/bib/conf/vr/NeumannYHJL03},
	bibsource = {dblp computer science bibliography, https://dblp.org}
}

@article{liu2012sentiment,
	title={Sentiment analysis and opinion mining},
	author={Liu, Bing},
	journal={Synthesis lectures on human language technologies},
	volume={5},
	number={1},
	pages={1--167},
	year={2012},
	publisher={Morgan \& Claypool Publishers}
}

@article{DBLP:journals/tvcg/CoscoGBMO13,
	author    = {Francesco I. Cosco and
	Carlos Garre and
	Fabio Bruno and
	Maurizio Muzzupappa and
	Miguel A. Otaduy},
	title     = {Visuo-Haptic Mixed Reality with Unobstructed Tool-Hand Integration},
	journal   = {{IEEE} Trans. Vis. Comput. Graph.},
	volume    = {19},
	number    = {1},
	pages     = {159--172},
	year      = {2013},
	url       = {https://doi.org/10.1109/TVCG.2012.107},
	doi       = {10.1109/TVCG.2012.107},
	timestamp = {Wed, 14 Nov 2018 10:22:22 +0100},
	biburl    = {https://dblp.org/rec/bib/journals/tvcg/CoscoGBMO13},
	bibsource = {dblp computer science bibliography, https://dblp.org}
}

@article{DBLP:journals/vc/OttTV07,
	author    = {Renaud Ott and
	Daniel Thalmann and
	Fr{\'{e}}d{\'{e}}ric Vexo},
	title     = {Haptic feedback in mixed-reality environment},
	journal   = {The Visual Computer},
	volume    = {23},
	number    = {9-11},
	pages     = {843--849},
	year      = {2007},
	url       = {https://doi.org/10.1007/s00371-007-0159-y},
	doi       = {10.1007/s00371-007-0159-y},
	timestamp = {Sat, 20 May 2017 00:23:24 +0200},
	biburl    = {https://dblp.org/rec/bib/journals/vc/OttTV07},
	bibsource = {dblp computer science bibliography, https://dblp.org}
}

@article{firestein2001olfactory,
	title={How the olfactory system makes sense of scents},
	author={Firestein, Stuart},
	journal={Nature},
	volume={413},
	number={6852},
	pages={211},
	year={2001},
	publisher={Nature Publishing Group}
}

@inproceedings{DBLP:conf/ismar/ZhouDB08,
	author    = {Feng Zhou and
	Henry Been{-}Lirn Duh and
	Mark Billinghurst},
	title     = {Trends in augmented reality tracking, interaction and display: {A}
	review of ten years of {ISMAR}},
	booktitle = {7th {IEEE} and {ACM} International Symposium on Mixed and Augmented
	Reality, {ISMAR} 2008, Cambridge, UK, 15-18th September 2008},
	pages     = {193--202},
	year      = {2008},
	crossref  = {DBLP:conf/ismar/2008},
	url       = {https://doi.org/10.1109/ISMAR.2008.4637362},
	doi       = {10.1109/ISMAR.2008.4637362},
	timestamp = {Thu, 25 May 2017 00:40:12 +0200},
	biburl    = {https://dblp.org/rec/bib/conf/ismar/ZhouDB08},
	bibsource = {dblp computer science bibliography, https://dblp.org}
}

@misc{lewis2013gaze,
	title={Gaze detection in a see-through, near-eye, mixed reality display},
	author={Lewis, John R and Wei, Yichen and Crocco, Robert L and Vaught, Benjamin I and Kipman, Alex Aben-Athar and Perez, Kathryn Stone},
	year={2013},
	month=jul # "~16",
	publisher={Google Patents},
	note={US Patent 8,487,838}
}

@inproceedings{wang2010new,
	title={A new method of virtual reality based on Unity3D},
	author={Wang, Sa and Mao, Zhengli and Zeng, Changhai and Gong, Huili and Li, Shanshan and Chen, Beibei},
	booktitle={2010 18th international conference on Geoinformatics},
	pages={1--5},
	year={2010},
	organization={IEEE}
}

@article{DBLP:journals/tvcg/ComportMPC06,
	author    = {Andrew I. Comport and
	{\'{E}}ric Marchand and
	Muriel Pressigout and
	Fran{\c{c}}ois Chaumette},
	title     = {Real-Time Markerless Tracking for Augmented Reality: The Virtual Visual
	Servoing Framework},
	journal   = {{IEEE} Trans. Vis. Comput. Graph.},
	volume    = {12},
	number    = {4},
	pages     = {615--628},
	year      = {2006},
	url       = {https://doi.org/10.1109/TVCG.2006.78},
	doi       = {10.1109/TVCG.2006.78},
	timestamp = {Wed, 14 Nov 2018 10:22:16 +0100},
	biburl    = {https://dblp.org/rec/bib/journals/tvcg/ComportMPC06},
	bibsource = {dblp computer science bibliography, https://dblp.org}
}

@inproceedings{DBLP:conf/vr/LedermannS05,
	author    = {Florian Ledermann and
	Dieter Schmalstieg},
	title     = {{APRIL} {A} High-Level Framework for Creating Augmented Reality Presentations},
	booktitle = {{IEEE} Virtual Reality Conference 2005, {VR} 2005, Bonn, Germany,
	March 12-16, 2005},
	pages     = {187--194},
	year      = {2005},
	crossref  = {DBLP:conf/vr/2005},
	url       = {https://doi.org/10.1109/VR.2005.8},
	doi       = {10.1109/VR.2005.8},
	timestamp = {Tue, 23 May 2017 01:07:23 +0200},
	biburl    = {https://dblp.org/rec/bib/conf/vr/LedermannS05},
	bibsource = {dblp computer science bibliography, https://dblp.org}
}

@inproceedings{DBLP:conf/cw/EggesPM06,
	author    = {Arjan Egges and
	George Papagiannakis and
	Nadia Magnenat{-}Thalmann},
	title     = {An Interactive Mixed Reality Framework for Virtual Humans},
	booktitle = {5th International Conference on Cyberworlds {(CW} 2006), 28-29 November
	2006, Lausanne, Switzerland},
	pages     = {165--172},
	year      = {2006},
	crossref  = {DBLP:conf/cw/2006},
	url       = {https://doi.org/10.1109/CW.2006.15},
	doi       = {10.1109/CW.2006.15},
	timestamp = {Fri, 02 Nov 2018 09:42:15 +0100},
	biburl    = {https://dblp.org/rec/bib/conf/cw/EggesPM06},
	bibsource = {dblp computer science bibliography, https://dblp.org}
}

@article{kirkley2005creating,
	title={Creating next generation blended learning environments using mixed reality, video games and simulations},
	author={Kirkley, Sonny E and Kirkley, Jamie R},
	journal={TechTrends},
	volume={49},
	number={3},
	pages={42--53},
	year={2005},
	publisher={Springer}
}

@inproceedings{DBLP:conf/ismar/ZaunerHBH03,
	author    = {J{\"{u}}rgen Zauner and
	Michael Haller and
	Alexander Brandl and
	Werner Hartmann},
	title     = {Authoring of a Mixed Reality Assembly Instructor for Hierarchical
	Structures},
	booktitle = {2003 {IEEE} / {ACM} International Symposium on Mixed and Augmented
	Reality {(ISMAR} 2003), 7-10 October 2003, Tokyo, Japan},
	pages     = {237--246},
	year      = {2003},
	crossref  = {DBLP:conf/ismar/2003},
	url       = {https://doi.org/10.1109/ISMAR.2003.1240707},
	doi       = {10.1109/ISMAR.2003.1240707},
	timestamp = {Thu, 25 May 2017 00:40:13 +0200},
	biburl    = {https://dblp.org/rec/bib/conf/ismar/ZaunerHBH03},
	bibsource = {dblp computer science bibliography, https://dblp.org}
}

@article{DBLP:journals/cgf/MarchandC02,
	author    = {{\'{E}}ric Marchand and
	Fran{\c{c}}ois Chaumette},
	title     = {Virtual Visual Servoing: a framework for real-time augmented reality},
	journal   = {Comput. Graph. Forum},
	volume    = {21},
	number    = {3},
	pages     = {289--297},
	year      = {2002},
	url       = {https://doi.org/10.1111/1467-8659.t01-1-00588},
	doi       = {10.1111/1467-8659.t01-1-00588},
	timestamp = {Mon, 05 Jun 2017 20:49:26 +0200},
	biburl    = {https://dblp.org/rec/bib/journals/cgf/MarchandC02},
	bibsource = {dblp computer science bibliography, https://dblp.org}
}

@inproceedings{DBLP:conf/dimea/WetzelLWJ08,
	author    = {Richard Wetzel and
	Irma Lindt and
	Annika Waern and
	Staffan Johnson},
	title     = {The magic lens box: simplifying the development of mixed reality games},
	booktitle = {Proceedings of the Third International Conference on Digital Interactive
	Media in Entertainment and Arts, {DIMEA} 2008, 10-12 September 2008,
	Athens, Greece},
	pages     = {479--486},
	year      = {2008},
	crossref  = {DBLP:conf/dimea/2008},
	url       = {https://doi.org/10.1145/1413634.1413719},
	doi       = {10.1145/1413634.1413719},
	timestamp = {Tue, 06 Nov 2018 11:07:34 +0100},
	biburl    = {https://dblp.org/rec/bib/conf/dimea/WetzelLWJ08},
	bibsource = {dblp computer science bibliography, https://dblp.org}
}

@inproceedings{kim2014using,
	title={Using Unity 3D to facilitate mobile augmented reality game development},
	author={Kim, Sung Lae and Suk, Hae Jung and Kang, Jeong Hwa and Jung, Jun Mo and Laine, Teemu H and Westlin, Joonas},
	booktitle={2014 IEEE World Forum on Internet of Things (WF-IoT)},
	pages={21--26},
	year={2014},
	organization={IEEE}
}

@book{hess2007essential,
	title={The essential Blender: guide to 3D creation with the open source suite Blender},
	author={Hess, Roland},
	year={2007},
	publisher={No Starch Press}
}

@book{derakhshani2012introducing,
	title={Introducing Autodesk Maya 2013},
	author={Derakhshani, Dariush},
	year={2012},
	publisher={John Wiley \& Sons}
}

@book{derakhshani2012autodesk,
	title={Autodesk 3ds Max 2013 essentials},
	author={Derakhshani, Dariush and Derakhshani, Randi L},
	year={2012},
	publisher={John Wiley \& Sons}
}

@article{azuma2001recent,
	title={Recent advances in augmented reality},
	author={Azuma, Ronald and Baillot, Yohan and Behringer, Reinhold and Feiner, Steven and Julier, Simon and MacIntyre, Blair},
	journal={IEEE computer graphics and applications},
	volume={21},
	number={6},
	pages={34--47},
	year={2001},
	publisher={IEEE}
}

@article{hughes2005mixed,
	title={Mixed reality in education, entertainment, and training},
	author={Hughes, Charles E and Stapleton, Christopher B and Hughes, Darin E and Smith, Eileen M},
	journal={IEEE computer graphics and applications},
	volume={25},
	number={6},
	pages={24--30},
	year={2005},
	publisher={IEEE}
}

@inproceedings{papageorgiou1998general,
	title={A general framework for object detection},
	author={Papageorgiou, Constantine P and Oren, Michael and Poggio, Tomaso},
	booktitle={Sixth International Conference on Computer Vision (IEEE Cat. No. 98CH36271)},
	pages={555--562},
	year={1998},
	organization={IEEE}
}

@inproceedings{abowd1999towards,
	title={Towards a better understanding of context and context-awareness},
	author={Abowd, Gregory D and Dey, Anind K and Brown, Peter J and Davies, Nigel and Smith, Mark and Steggles, Pete},
	booktitle={International symposium on handheld and ubiquitous computing},
	pages={304--307},
	year={1999},
	organization={Springer}
}

@inproceedings{DBLP:conf/ismar/BaricevicLTHB12,
	author    = {Domagoj Baricevic and
	Cha Lee and
	Matthew Turk and
	Tobias H{\"{o}}llerer and
	Doug A. Bowman},
	title     = {A hand-held {AR} magic lens with user-perspective rendering},
	booktitle = {11th {IEEE} International Symposium on Mixed and Augmented Reality,
	{ISMAR} 2012, Atlanta, GA, USA, November 5-8, 2012},
	pages     = {197--206},
	year      = {2012},
	crossref  = {DBLP:conf/ismar/2012},
	url       = {https://doi.org/10.1109/ISMAR.2012.6402557},
	doi       = {10.1109/ISMAR.2012.6402557},
	timestamp = {Fri, 30 Nov 2018 13:30:17 +0100},
	biburl    = {https://dblp.org/rec/bib/conf/ismar/BaricevicLTHB12},
	bibsource = {dblp computer science bibliography, https://dblp.org}
}

@misc{cohen2009interactivity,
	title={Interactivity with a mixed reality},
	author={Cohen, Ronald},
	year={2009},
	month=jul # "~21",
	publisher={Google Patents},
	note={US Patent 7,564,469}
}

@misc{satoh2007depth,
	title={Depth information measurement apparatus and mixed reality presentation system},
	author={Satoh, Kiyohide},
	year={2007},
	month=nov # "~13",
	publisher={Google Patents},
	note={US Patent 7,295,697}
}

@inproceedings{DBLP:conf/ismar/LooserGB07,
	author    = {Julian Looser and
	Rapha{\"{e}}l Grasset and
	Mark Billinghurst},
	title     = {A 3D Flexible and Tangible Magic Lens in Augmented Reality},
	booktitle = {Sixth {IEEE/ACM} International Symposium on Mixed and Augmented Reality,
	{ISMAR} 2007, 13-16 November 2007, Nara, Japan},
	pages     = {51--54},
	year      = {2007},
	crossref  = {DBLP:conf/ismar/2007},
	url       = {https://doi.org/10.1109/ISMAR.2007.4538825},
	doi       = {10.1109/ISMAR.2007.4538825},
	timestamp = {Thu, 25 May 2017 00:40:13 +0200},
	biburl    = {https://dblp.org/rec/bib/conf/ismar/LooserGB07},
	bibsource = {dblp computer science bibliography, https://dblp.org}
}

@inproceedings{DBLP:conf/ismar/UchiyamaTSYT02,
	author    = {Shinji Uchiyama and
	Kazuki Takemoto and
	Kiyohide Satoh and
	Hiroyuki Yamamoto and
	Hideyuki Tamura},
	title     = {{MR} Platform: {A} Basic Body on Which Mixed Reality Applications
	Are Built},
	booktitle = {2002 {IEEE} / {ACM} International Symposium on Mixed and Augmented
	Reality {(ISMAR} 2002), 30 September - 1 October 2002, Darmstadt,
	Germany},
	pages     = {246--256},
	year      = {2002},
	crossref  = {DBLP:conf/ismar/2002},
	url       = {https://doi.org/10.1109/ISMAR.2002.1115095},
	doi       = {10.1109/ISMAR.2002.1115095},
	timestamp = {Thu, 25 May 2017 00:40:13 +0200},
	biburl    = {https://dblp.org/rec/bib/conf/ismar/UchiyamaTSYT02},
	bibsource = {dblp computer science bibliography, https://dblp.org}
}

@article{DBLP:journals/cga/AzumaBBFJM01,
	author    = {Ronald Azuma and
	Yohan Baillot and
	Reinhold Behringer and
	Steven Feiner and
	Simon Julier and
	Blair MacIntyre},
	title     = {Recent Advances in Augmented Reality},
	journal   = {{IEEE} Computer Graphics and Applications},
	volume    = {21},
	number    = {6},
	pages     = {34--47},
	year      = {2001},
	url       = {https://doi.org/10.1109/38.963459},
	doi       = {10.1109/38.963459},
	timestamp = {Mon, 05 Jun 2017 20:51:00 +0200},
	biburl    = {https://dblp.org/rec/bib/journals/cga/AzumaBBFJM01},
	bibsource = {dblp computer science bibliography, https://dblp.org}
}

@inproceedings{billinghurst1999collaborative,
	title={Collaborative mixed reality},
	author={Billinghurst, Mark and Kato, Hirokazu},
	booktitle={Proceedings of the First International Symposium on Mixed Reality},
	pages={261--284},
	year={1999}
}

@inproceedings{DBLP:conf/vr/InamiKSYMT00,
	author    = {Masahiko Inami and
	Naoki Kawakami and
	Dairoku Sekiguchi and
	Yasuyuki Yanagida and
	Taro Maeda and
	Susumu Tachi},
	title     = {Visuo-Haptic Display Using Head-mounted Projector},
	booktitle = {Virtual Reality 2000 Conference, VR'00, New Brunswick, New Jersey,
	USA, March 18-22, 2000, Proceedings},
	pages     = {233},
	year      = {2000},
	crossref  = {DBLP:conf/vr/2000},
	url       = {https://doi.org/10.1109/VR.2000.840503},
	doi       = {10.1109/VR.2000.840503},
	timestamp = {Tue, 23 May 2017 01:07:24 +0200},
	biburl    = {https://dblp.org/rec/bib/conf/vr/InamiKSYMT00},
	bibsource = {dblp computer science bibliography, https://dblp.org}
}

@misc{neumann2009modeling,
	title={Modeling and video projection for augmented virtual environments},
	author={Neumann, Ulrich and You, Suya},
	year={2009},
	month=sep # "~1",
	publisher={Google Patents},
	note={US Patent 7,583,275}
}

@inproceedings{patrick2000using,
	title={Using a large projection screen as an alternative to head-mounted displays for virtual environments},
	author={Patrick, Emilee and Cosgrove, Dennis and Slavkovic, Aleksandra and Rode, Jennifer A and Verratti, Thom and Chiselko, Greg},
	booktitle={Proceedings of the SIGCHI conference on Human Factors in Computing Systems},
	pages={478--485},
	year={2000},
	organization={ACM}
}

@inproceedings{sebe20033d,
	title={3d video surveillance with augmented virtual environments},
	author={Sebe, Ismail Oner and Hu, Jinhui and You, Suya and Neumann, Ulrich},
	booktitle={First ACM SIGMM international workshop on Video surveillance},
	pages={107--112},
	year={2003},
	organization={ACM}
}

@inproceedings{DBLP:conf/ACMace/KnoerleinSH07,
	author    = {Benjamin Knoerlein and
	G{\'{a}}bor Sz{\'{e}}kely and
	Matthias Harders},
	title     = {Visuo-haptic collaborative augmented reality ping-pong},
	booktitle = {Proceedings of the International Conference on Advances in Computer
	Entertainment Technology, {ACE} 2007, Salzburg, Austria, June 13-15,
	2007},
	pages     = {91--94},
	year      = {2007},
	crossref  = {DBLP:conf/ACMace/2007},
	url       = {https://doi.org/10.1145/1255047.1255065},
	doi       = {10.1145/1255047.1255065},
	timestamp = {Tue, 06 Nov 2018 16:57:14 +0100},
	biburl    = {https://dblp.org/rec/bib/conf/ACMace/KnoerleinSH07},
	bibsource = {dblp computer science bibliography, https://dblp.org}
}

@inproceedings{ichikawa1995majic,
	title={MAJIC videoconferencing system: experiments, evaluation and improvement},
	author={Ichikawa, Yusuke and Okada, Ken-ichi and Jeong, Giseok and Tanaka, Shunsuke and Matsushita, Yutaka},
	booktitle={Proceedings of the Fourth European Conference on Computer-Supported Cooperative Work ECSCW’95},
	pages={279--292},
	year={1995},
	organization={Springer}
}

@inproceedings{DBLP:conf/cscw/PejsaKBOW16,
	author    = {Tomislav Pejsa and
	Julian Kantor and
	Hrvoje Benko and
	Eyal Ofek and
	Andrew D. Wilson},
	title     = {Room2Room: Enabling Life-Size Telepresence in a Projected Augmented
	Reality Environment},
	booktitle = {Proceedings of the 19th {ACM} Conference on Computer-Supported Cooperative
	Work {\&} Social Computing, {CSCW} 2016, San Francisco, CA, USA,
	February 27 - March 2, 2016},
	pages     = {1714--1723},
	year      = {2016},
	crossref  = {DBLP:conf/cscw/2016},
	url       = {https://doi.org/10.1145/2818048.2819965},
	doi       = {10.1145/2818048.2819965},
	timestamp = {Tue, 06 Nov 2018 16:57:11 +0100},
	biburl    = {https://dblp.org/rec/bib/conf/cscw/PejsaKBOW16},
	bibsource = {dblp computer science bibliography, https://dblp.org}
}

@article{DBLP:journals/computer/MineBGRY12,
	author    = {Mark R. Mine and
	Jeroen van Baar and
	Anselm Grundh{\"{o}}fer and
	David Rose and
	Bei Yang},
	title     = {Projection-Based Augmented Reality in Disney Theme Parks},
	journal   = {{IEEE} Computer},
	volume    = {45},
	number    = {7},
	pages     = {32--40},
	year      = {2012},
	url       = {https://doi.org/10.1109/MC.2012.154},
	doi       = {10.1109/MC.2012.154},
	timestamp = {Wed, 14 Nov 2018 10:13:31 +0100},
	biburl    = {https://dblp.org/rec/bib/journals/computer/MineBGRY12},
	bibsource = {dblp computer science bibliography, https://dblp.org}
}

@inproceedings{DBLP:conf/epia/CostaNNMLA07,
	author    = {Ricardo Costa and
	Jos{\'{e}} Neves and
	Paulo Novais and
	Jos{\'{e}} Machado and
	Lu{\'{\i}}s Lima and
	Carlos Alberto},
	title     = {Intelligent Mixed Reality for the Creation of Ambient Assisted Living},
	booktitle = {Progress in Artificial Intelligence, 13th Portuguese Conference on
	Aritficial Intelligence, {EPIA} 2007, Workshops: GAIW, AIASTS, ALEA,
	AMITA, BAOSW, BI, CMBSB, IROBOT, MASTA, STCS, and TEMA, Guimar{\~{a}}es,
	Portugal, December 3-7, 2007, Proceedings},
	pages     = {323--331},
	year      = {2007},
	crossref  = {DBLP:conf/epia/2007w},
	url       = {https://doi.org/10.1007/978-3-540-77002-2\_27},
	doi       = {10.1007/978-3-540-77002-2\_27},
	timestamp = {Tue, 14 May 2019 10:00:41 +0200},
	biburl    = {https://dblp.org/rec/bib/conf/epia/CostaNNMLA07},
	bibsource = {dblp computer science bibliography, https://dblp.org}
}

@book{geraci2012apocalyptic,
	title={Apocalyptic AI: Visions of heaven in robotics, artificial intelligence, and virtual reality},
	author={Geraci, Robert M},
	year={2012},
	publisher={Oxford University Press}
}

@inproceedings{buchmann2004fingartips,
	title={FingARtips: gesture based direct manipulation in Augmented Reality},
	author={Buchmann, Volkert and Violich, Stephen and Billinghurst, Mark and Cockburn, Andy},
	booktitle={Proceedings of the 2nd international conference on Computer graphics and interactive techniques in Australasia and South East Asia},
	pages={212--221},
	year={2004},
	organization={ACM}
}

@inproceedings{storring2004computer,
	title={Computer vision-based gesture recognition for an augmented reality interface},
	author={St{\"o}rring, Moritz and Moeslund, Thomas B and Liu, Yong and Granum, Erik},
	booktitle={4th IASTED international conference on visualization, imaging, and image processing},
	pages={766--771},
	year={2004}
}

@article{oka2002real,
	title={Real-time fingertip tracking and gesture recognition},
	author={Oka, Kenji and Sato, Yoichi and Koike, Hideki},
	journal={IEEE Computer graphics and Applications},
	volume={22},
	number={6},
	pages={64--71},
	year={2002},
	publisher={IEEE}
}

@inproceedings{reifinger2007static,
	title={Static and dynamic hand-gesture recognition for augmented reality applications},
	author={Reifinger, Stefan and Wallhoff, Frank and Ablassmeier, Markus and Poitschke, Tony and Rigoll, Gerhard},
	booktitle={International Conference on Human-Computer Interaction},
	pages={728--737},
	year={2007},
	organization={Springer}
}

@article{olshannikova2015visualizing,
	title={Visualizing Big Data with augmented and virtual reality: challenges and research agenda},
	author={Olshannikova, Ekaterina and Ometov, Aleksandr and Koucheryavy, Yevgeni and Olsson, Thomas},
	journal={Journal of Big Data},
	volume={2},
	number={1},
	pages={22},
	year={2015},
	publisher={Nature Publishing Group}
}

@incollection{costanza2009mixed,
	title={Mixed reality: A survey},
	author={Costanza, Enrico and Kunz, Andreas and Fjeld, Morten},
	booktitle={Human machine interaction},
	pages={47--68},
	year={2009},
	publisher={Springer}
}

@article{thomas2012survey,
	title={A survey of visual, mixed, and augmented reality gaming},
	author={Thomas, Bruce H},
	journal={Computers in Entertainment (CIE)},
	volume={10},
	number={1},
	pages={3},
	year={2012},
	publisher={ACM}
}